% ------------------------------------------------------------------------
% MY BIBLIOGRAPHY FILE
% ------------------------------------------------------------------------

@article{Randall:2008rw,
      author         = "Randall, Lisa and Tucker-Smith, David",
      title          = "{Dijet Searches for Supersymmetry at the LHC}",
      journal        = "Phys.Rev.Lett.",
      volume         = "101",
      pages          = "221803",
      doi            = "10.1103/PhysRevLett.101.221803",
      year           = "2008",
      eprint         = "0806.1049",
      archivePrefix  = "arXiv",
      primaryClass   = "hep-ph",
      SLACcitation   = "%%CITATION = ARXIV:0806.1049;%%",
}

@article{CMS:2008vya,
      title          = "{SUSY searches with dijet events}",
      collaboration  = "CMS",
      author         = "CMS Collaboration",
      year           = "2008",
      reportNumber   = "CMS-PAS-SUS-08-005",
      SLACcitation   = "%%CITATION = CMS-PAS-SUS-08-005 ETC.;%%",
}

@techreport{CMS-PAS-SUS-09-001,
      title         = "{Search strategy for exclusive multi-jet events from
                       supersymmetry at CMS}",
      institution   = "CERN",
      collaboration = "CMS Collaboration",
      author        = "CMS Collaboration",
      address       = "2009. Geneva",
      number        = "CMS-PAS-SUS-09-001",
      month         = "Jul",
      year          = "2009",
}

% ------------------------------------------------------------------------

